%TLS DHE-RSA 
@misc{tls_dhe_rsa_1,
    author =       "OpenSSL",
    title     = "{Wiki OpenSSL}:{Manual Ciphers}",
    url       = "https://wiki.openssl.org/index.php/Manual:Ciphers(1)",
    note = "{\\}{[Online; accessed 3-November-2017]}",
    year = "2017"
}

@misc{tls_dhe_rsa_2,
    author =       "{Mozilla Foundation}",
    title     = "{Security/Server Side TLS}",
    url       = "https://wiki.mozilla.org/Security/Server_Side_TLS",
    note = "{[Online; accessed 3-November-2017]}",
    year = "2017"
}


%TLS
@misc{tls,
    author =       "{Wikimedia Commons}",
    title     = "{Transport Layer Security}",
    url       = "https://en.wikipedia.org/wiki/Transport_Layer_Security#Forward_secrecy",
    note = "{\\}{[Online; accessed 3-November-2017]}",
    year = "2017"
}


%Asymmetric Keys
@misc{asymmetric,
    author =       "{Microsoft}",
    title     = "{Asymmetric Keys}",
    url       = "https://msdn.microsoft.com/en-us/library/windows/desktop/aa387460(v=vs.85).aspx",
    note = "{\\}{[Online; accessed 4-November-2017]}",
    year = "2017"
}


