%livro zuquete
@book{segurancaemredes,
    author    = "André Zúquete",
    title     = "Segurança em redes informáticas",
    year      = "2013",
    publisher = "FCA - Editora de Informática",
    ISBN      = "978-972-722-767-9"
}
